<?xml version="1.0" encoding="UTF-8"?><collection xmlns="http://www.loc.gov/MARC21/slim"><record><leader>00710nam--2200193-i-4500</leader><controlfield tag="001">000049386</controlfield><controlfield tag="002">20161230</controlfield><controlfield tag="005">20161230201047</controlfield><controlfield tag="008">060222s1000------------r-----000-0-eng-d</controlfield><datafield ind1=" " ind2=" " tag="040"><subfield code="a">IFIN-HH</subfield></datafield><datafield ind1=" " ind2=" " tag="080"><subfield code="a">539.12.162.8(061.3)</subfield></datafield><datafield ind1="1" ind2=" " tag="100"><subfield code="a">Gutzwiller,M.C./S.A.</subfield></datafield><datafield ind1="1" ind2="0" tag="245"><subfield code="a">Path integrals from mev to mev</subfield><subfield code="b">Selected papers from the symposium held at the bielefeld center for interdisciplinary research on august 5 - 9, 1985</subfield><subfield code="c">M.c. gutzwiller, a. inomata, j.r. klauder, l. streit (eds.)</subfield></datafield><datafield ind1=" " ind2=" " tag="260"><subfield code="a">Singapore</subfield><subfield code="b">World Scientific</subfield><subfield code="c">1986</subfield></datafield><datafield ind1=" " ind2=" " tag="300"><subfield code="a">X+453P</subfield></datafield><datafield ind1=" " ind2=" " tag="490"><subfield code="a">Bielefeld Encouters In Physics And Mathematics Vii</subfield></datafield><datafield ind1="1" ind2=" " tag="700"><subfield code="a">Streit, L</subfield><subfield code="e">Ed</subfield></datafield><datafield ind1=" " ind2=" " tag="852"><subfield code="a">79086</subfield><subfield code="c">539.12</subfield></datafield><datafield ind1=" " ind2=" " tag="CAT"><subfield code="a">Sys</subfield><subfield code="c">20120130</subfield><subfield code="h">091623</subfield></datafield></record></collection>